@article{mental_healthcare_and_crime,
    author = "Monica Deza and Johanna C. Maclean and Keisha Solomon",
    title = "Local access to mental healthcare and crime",
    journal = "Jounral of Urban Economics",
    year = "2022",
    volume = "129",
    number= "May 2022, 103410",
    doi = "10.1016/j.jue.2021.103410",
}

@article{cost_of_drug_treatment,
    author = {David Bishai and Jody Sindelar and E.P. Ricketts and S. Huettner and L. Cornelius and J.J. Lloyd and J.R. Havens and C.A. Latkin and S.A. Strathdee},
    title = {Willingness to Pay for Drug Rehabilitation: Implications for Cost Recovery},
    journal = {Journal of Health Economics},
    year = {2008},
    volume = {27},
    pages = {959--972},
    doi = {10.1016/j.jhealeco.2007.11.007},
}


@article{SAT_centers_and_crime,
    author = "Samuel R Bondurant and Jason M Lindo and Isaac D Swensen",
    title = "Substance abuse treatment centers and local crime",
    journal = "Journal of Urban Economics",
    year = "2018",
    volume = "104",
    issue = "March 2018, 103410",
    pages = "124-133",
    doi = "10.1016/j.jue.2018.01.007",
}

@article{drugs_crime_space_time,
    author = "Christopher Contreras and John R Hipp",
    title = "Drugs, Crime, Space, and Time: A Spatiotemporal Examination of Drug Activity and Crime Rates",
    journal = "Justice Quarterly",
    year = "2020",
    volume = "37",
    number = "2020-2",
    doi = "10.1080/07418825.2018.1515318",
}

@article{covid_and_crime,
    author = "C.M. Hoeboer and W.M. Kitselaar and J.F. Henrich and E.J. Miedzobrodzka and B. Wohlstetter and E. Giebels and E.W. Kruisbergen and M. Kempes and M. Olff and C.H. de Kogel",
    title = "The Impact of COVID-19 on Crime: a Systematic Review",
    journal = "American Journal of Criminal Justice",
    year = "2024",
    volume = "49",
    pages = "274-303",
    doi = "10.1007/s12103-023-09746-4",
}

@article{mental_health_and_disability,
    author = "Matt Messel and Isaac Swensen and Carly Urban",
    title = "The effects of expanding access to mental health services on SS(D)I applications and awards",
    journal = "Labour Economics",
    year = "2023",
    volume = "81",
    number = "April 2023, 102339",
    doi = "10.1016/j.labeco.2023.102339",
}

@article{drugs_and_crime,
    author = "Helene R White and Dennis M Gorman",
    title = "Dynamics of the Drug-Crime Relationship",
    journal = "Criminal Justice",
    year = "2000",
    issue = "1",
    pages = "151-218",
    link = "https://core.ac.uk/download/pdf/34709913.pdf"
}

@article{Socioeconomic-Determinants,
    author = "Christopher Uggen and Melissa Thompson",
    title = "The Socioeconomic Determinants of Ill‐Gotten Gains: Within‐Person Changes in Drug Use and Illegal Earnings",
    journal = "American Jounral Of Sociology",
    year = "2003",
    issue = "109",
    pages = "146–185",
    link = "https://www.journals.uchicago.edu/doi/10.1086/378036"
}

@article{NIMBY,
    author = {Claire R. La Roche and Bennie D. Waller and Scott A. Wentland},
    title = {Not in My Backyard: The Effect of Substance Abuse Treatment Centers on Property Values},
    journal = {The Journal of Sustainable Real Estate},
    year = {2014},
    volume = {6},
    number = {1},
    pages = {63--92},
    url = {http://www.jstor.org/stable/24846693}
}